@article{wyeth2018synqcs,
 author       = {Wyeth, M. R. and Olsen, N. and Nottingham, M. K. and Williams, D. C.},
 year         = {2018},
 title        = {Summary of the {Queen Charlotte Sound} synoptic bottom trawl survey, {July} 4 to 31, 2011},
 journal   = {DFO Can. Manuscr. Rep. Fish. Aquat. Sci.},
 volume    = {3127},
 pages     = {viii + 69~p}
}


@article{wyeth2017synwcvi,
 author       = {Wyeth, M. R. and Olsen, N. and Nottingham, M. K. and Williams, D. C.},
 year         = {2017},
 title        = {Summary of the West Coast {Vancouver Island} synoptic bottom trawl survey, {May} 22 - {June} 16, 2012},
 journal   = {DFO Can. Manuscr. Rep. Fish. Aquat. Sci.},
 volume    = {3139},
 pages     = {viii + 57~p}
}


@article{wyeth2018synhs,
 author       = {Wyeth, M. R. and Olsen, N. and Nottingham, M. K. and Williams, D. C.},
 year         = {2018},
 title        = {Summary of the {Hecate Strait} synoptic bottom trawl survey, {May} 26 – {June} 22, 2015},
 journal   = {DFO Can. Manuscr. Rep. Fish. Aquat. Sci.},
 volume    = {3126},
 pages     = {viii + 55~p}
}


@article{wyeth2018synwchg,
 author       = {Wyeth, M. R. and Olsen, N. and Nottingham, M. K. and Williams, D. C.},
 year         = {2018},
 title        = {Summary of the West Coast {Haida Gwaii} synoptic bottom trawl survey, {August} 24 - {September} 19, 2012},
 journal   = {DFO Can. Manuscr. Rep. Fish. Aquat. Sci.},
 volume    = {3133},
 pages     = {viii + 55~p}
}


@article{lochead2004irf,
 author       = {Lochead, J. K. and Yamanaka, K. L.},
 year         = {2004},
 title        = {A new longline survey to index inshore rockfish (\emph{Sebastes} spp.): summary report on the pilot survey conducted in Statistical Areas 12 and 13, {August} 17 – {September} 6, 2003},
 journal   = {DFO Can. Tech. Rep. Fish. Aquat. Sci.},
 volume    = {2567},
 pages     = {ix + 59~p}
}


@article{flemming2012iphc,
 author       = {Flemming, R. G. and Yamanaka, K. L. and Cooke, K. and and Dykstra C.},
 year         = {2012},
 title        = {Summary of non-{Halibut} catch from the Standardized Stock Assessment Survey conducted by the {International Pacific Halibut Commission} in {British Columbia} from {June} 3 to {August} 27, 2010},
 journal   = {DFO Can. Tech. Rep. Fish. Aquat. Sci.},
 volume    = {2989},
 pages     = {viii + 99~p}
}


@article{fargo1984hsmsa,
 author       = {Fargo, J. and Tyler, A V. and Cooper, J. and Sheilds, S. C. and and Stebbins, S.},
 year         = {1984},
 title        = {{Arctic} ocean assemblage survey of {Hecate Strait}, {May} 28- {June} 17, 1984},
 journal   = {DFO Can. Data Rep. Fish. Aquat. Sci.},
 volume    = {491},
 pages     = {108~p}
}


@article{westrheim1984hsmsa,
 author       = {Westrheim, S. J. and Tyler, A. V. and Foucher, R. P. and Saunders, M. W. and Shield, S. C.},
 year         = {1984},
 title        = {{G.B. REED} groundfish cruise No. 84-3, {May} 24-{June} 14, 1984},
 journal   = {DFO Can. Data Rep. Fish. Aquat. Sci.},
 volume    = {488},
 pages     = {131~p}
}


@article{dfo2018ifmp,
 author       = {{Fisheries and Oceans Canada}},
 year         = {2018},
 title        = {{Pacific Region Integrated Fisheries Management Plan}, groundfish, effective {February} 21, 2018},
 journal   = {Online resource},
 volume    = {http://waves-vagues.dfo-mpo.gc.ca/Library/40657814.pdf accessed April 23, 2018},
 pages     = {320~p}
}

