
@article{thorson2016,
  title = {Model-based inference for estimating shifts in species distribution, area occupied and centre of gravity},
  volume = {7},
  doi = {10.1111/2041-210X.12567},
  language = {en},
  number = {8},
  journal = {Methods Ecol Evol},
  author = {Thorson, James T. and Pinsky, Malin L. and Ward, Eric J.},
  year = {2016},
  pages = {990-1002}
}

@article{thorson2015,
  title = {Geostatistical delta-generalized linear mixed models improve precision for estimated abundance indices for {West Coast} groundfishes},
  volume = {72},
  doi = {10.1093/icesjms/fsu243},
  number = {5},
  journal = {ICES J. Mar. Sci.},
  author = {Thorson, James T. and Shelton, Andrew O. and Ward, Eric J. and Skaug, Hans J.},
  year = {2015},
  pages = {1297-1310}
}

@article{shelton2014,
  title = {Spatial semiparametric models improve estimates of species abundance and distribution},
  volume = {71},
  doi = {10.1139/cjfas-2013-0508},
  number = {11},
  journal = {Can. J. Fish. Aquat. Sci.},
  author = {Shelton, Andrew Olaf and Thorson, James T. and Ward, Eric J. and Feist, Blake E.},
  year = {2014},
  pages = {1655--1666}
}

@article{ward2015,
  title = {Using Spatiotemporal Species Distribution Models to Identify Temporally Evolving Hotspots of Species Co-Occurrence},
  volume = {25},
  doi = {10.1890/15-0051.1},
  number = {8},
  journal = {Ecol. Appl.},
  author = {Ward, Eric J. and Jannot, Jason E. and Lee, Yong-Woo and Ono, Kotaro and Shelton, Andrew O. and Thorson, James T.},
  year = {2015},
  pages = {2198-2209}
}

@article{maunder2004,
  series = {Models in Fisheries Research: GLMs, GAMS and GLMMs},
  title = {Standardizing catch and effort data: a review of recent approaches},
  volume = {70},
  doi = {10.1016/j.fishres.2004.08.002},
  number = {2},
  journal = {Fisheries Research},
  author = {Maunder, Mark N. and Punt, Andr{\'e} E.},
  year = {2004},
  pages = {141-159}
}

@article{shelton2018,
  title = {Spatio-temporal models reveal subtle changes to demersal communities following the {Exxon Valdez} oil spill},
  volume = {75},
  doi = {10.1093/icesjms/fsx079},
  number = {1},
  journal = {ICES J. Mar. Sci.},
  author = {Shelton, Andrew O. and Hunsicker, Mary E. and Ward, Eric J. and Feist, Blake E. and Blake, Rachael and Ward, Colette L. and Williams, Benjamin C. and Duffy-Anderson, Janet T. and Hollowed, Anne B. and Haynie, Alan C.},
  year = {2018},
  pages = {287--297}
}


@article{rue2009,
  title = {Approximate {Bayesian Inference} for {Latent Gaussian} models using {Integrated Nested Laplace Approximations} (with discussion)},
  volume = {71},
  journal = {J. R. Stat. Soc. Series B},
  author = {Rue, H{\aa}vard and Martino, Sara and Chopin, Nicholas},
  year = {2009},
  pages = {319-392}
}

@article{kristensen2016,
  title = {{TMB}: automatic differentiation and {Laplace} approximation},
  author = {Kasper Kristensen and Anders Nielsen and Casper W. Berg and Hans Skaug and Bradley M. Bell},
  journal = {J. Stat. Softw.},
  year = {2016},
  volume = {70},
  number = {5},
  pages = {1--21},
  doi = {10.18637/jss.v070.i05},
}

@manual{rcoreteam2018,
  title = {R: A Language and Environment for Statistical Computing},
  author = {{R Core Team}},
  organization = {R Foundation for Statistical Computing},
  address = {Vienna, Austria},
  year = {2018},
  url = {https://www.R-project.org/},
}

